<?xml version="1.0" encoding="UTF-8"?>
<SOAP-ENV:Envelope xmlns:SOAP-ENV="http://schemas.xmlsoap.org/soap/envelope/" xmlns:of="http://oss.dbc.dk/ns/openformat" xmlns:ofo="http://oss.dbc.dk/ns/openformatoutput"><SOAP-ENV:Body><of:formatResponse><marc:record xmlns:marc="http://www.loc.gov/MARC21/slim"><leader>00000naa a22000000c 4500</leader><controlfield tag="001">870971:34867496</controlfield><controlfield tag="003">DKDLA</controlfield><controlfield tag="005">20111123113757.0</controlfield><controlfield tag="007">cr||||</controlfield><controlfield tag="007">t|</controlfield><controlfield tag="008">111108s2011    dk |||||| ||| 00||udan||</controlfield><datafield ind1=" " ind2="0" tag="245"><subfield code="a">Godt indeklima og lavenergibyggeri skal gå hånd i hånd</subfield></datafield><datafield ind1=" " ind2=" " tag="300"><subfield code="a">Tillæg, s. 18, 20-21</subfield></datafield><datafield ind1="1" ind2=" " tag="700"><subfield code="a">Petersen, Steffen</subfield></datafield><datafield ind1=" " ind2=" " tag="856"><subfield code="z">Findes også på internettet </subfield><subfield code="u">http://techmedia.swiflet.com/tm/pla/56/1/ </subfield><subfield code="z">Flash-format</subfield></datafield></marc:record></of:formatResponse></SOAP-ENV:Body></SOAP-ENV:Envelope>
